<record><leader>00000cas a22000007a 4500</leader><controlfield tag="001">10509259</controlfield><controlfield tag="008">840312d18491887maucr ne      0    0eng d</controlfield><datafield ind1=" " ind2=" " tag="010"><subfield code="a">sn 84022622 </subfield></datafield><datafield ind1=" " ind2=" " tag="040"><subfield code="a">NPX</subfield><subfield code="b">eng</subfield><subfield code="c">NPX</subfield><subfield code="d">NPY</subfield><subfield code="d">NPU</subfield><subfield code="d">DLC</subfield><subfield code="d">MGN</subfield><subfield code="d">CNK</subfield><subfield code="d">NVK</subfield><subfield code="d">OCL</subfield><subfield code="d">TGN</subfield><subfield code="d">DLC</subfield><subfield code="d">OCLCF</subfield><subfield code="d">OCLCO</subfield></datafield><datafield ind1="1" ind2=" " tag="029"><subfield code="a">AU@</subfield><subfield code="b">000020370256</subfield></datafield><datafield ind1=" " ind2=" " tag="042"><subfield code="a">msc</subfield></datafield><datafield ind1=" " ind2=" " tag="043"><subfield code="a">n-us-ma</subfield></datafield><datafield ind1="0" ind2="0" tag="050"><subfield code="a">Newspaper</subfield></datafield><datafield ind1="0" ind2="0" tag="245"><subfield code="a">Boston semi-weekly journal.</subfield></datafield><datafield ind1="1" ind2="0" tag="246"><subfield code="a">Boston semiweekly journal</subfield></datafield><datafield ind1="1" ind2="3" tag="246"><subfield code="a">Boston journal</subfield></datafield><datafield ind1=" " ind2=" " tag="260"><subfield code="a">Boston [Mass.] :</subfield><subfield code="b">Sleeper &amp; Rogers,</subfield><subfield code="c">1849-</subfield></datafield><datafield ind1=" " ind2=" " tag="300"><subfield code="a">v. ;</subfield><subfield code="c">68 cm.</subfield></datafield><datafield ind1=" " ind2=" " tag="310"><subfield code="a">Semiweekly</subfield></datafield><datafield ind1="0" ind2=" " tag="362"><subfield code="a">Vol. 11, no. 1812 (Apr. 24, 1849)-</subfield></datafield><datafield ind1="1" ind2=" " tag="362"><subfield code="a">Ceased in 1887?</subfield></datafield><datafield ind1=" " ind2=" " tag="500"><subfield code="a">Publisher: Charles O. Rogers, &lt;1865&gt;; The Journal Newspaper Co., &lt;1870&gt;.</subfield></datafield><datafield ind1=" " ind2=" " tag="500"><subfield code="a">Republican.</subfield></datafield><datafield ind1=" " ind2=" " tag="580"><subfield code="a">Daily eds.: Boston daily journal (Boston, Mass. : 1845), 1849-1872, and: Boston evening journal, 1872-1887, and: Boston morning journal, 1851-1887.</subfield></datafield><datafield ind1=" " ind2=" " tag="580"><subfield code="a">Weekly ed.: Boston weekly journal.</subfield></datafield><datafield ind1=" " ind2="0" tag="651"><subfield code="a">Boston (Mass.)</subfield><subfield code="v">Newspapers.</subfield></datafield><datafield ind1=" " ind2="0" tag="651"><subfield code="a">Suffolk County (Mass.)</subfield><subfield code="v">Newspapers.</subfield></datafield><datafield ind1=" " ind2="7" tag="655"><subfield code="a">Newspapers.</subfield><subfield code="2">fast</subfield><subfield code="0">(OCoLC)fst01423814</subfield></datafield><datafield ind1=" " ind2="7" tag="651"><subfield code="a">Massachusetts</subfield><subfield code="z">Boston.</subfield><subfield code="2">fast</subfield><subfield code="0">(OCoLC)fst01205012</subfield></datafield><datafield ind1=" " ind2="7" tag="651"><subfield code="a">Massachusetts</subfield><subfield code="z">Suffolk County.</subfield><subfield code="2">fast</subfield><subfield code="0">(OCoLC)fst01206189</subfield></datafield><datafield ind1=" " ind2=" " tag="752"><subfield code="a">United States</subfield><subfield code="b">Massachusetts</subfield><subfield code="c">Suffolk</subfield><subfield code="d">Boston.</subfield></datafield><datafield ind1="1" ind2=" " tag="775"><subfield code="t">Boston weekly journal</subfield><subfield code="w">(DLC)sn 84022626</subfield><subfield code="w">(OCoLC)10509388</subfield></datafield><datafield ind1="1" ind2=" " tag="775"><subfield code="t">Boston daily journal (Boston, Mass. : 1845)</subfield><subfield code="w">(DLC)sn 84022618</subfield><subfield code="w">(OCoLC)2258513</subfield></datafield><datafield ind1="1" ind2=" " tag="775"><subfield code="t">Boston evening journal</subfield><subfield code="w">(DLC)sn 85033514</subfield><subfield code="w">(OCoLC)12025105</subfield></datafield><datafield ind1="1" ind2=" " tag="775"><subfield code="t">Boston morning journal</subfield><subfield code="w">(DLC)sn 84022619</subfield><subfield code="w">(OCoLC)10508115</subfield></datafield><datafield ind1="0" ind2=" " tag="775"><subfield code="t">Boston journal for California</subfield><subfield code="w">(DLC)sn 84022627</subfield><subfield code="w">(OCoLC)10509442</subfield></datafield><datafield ind1="0" ind2="0" tag="780"><subfield code="t">Boston journal (Boston, Mass. : Semiweekly)</subfield><subfield code="w">(DLC)sn 84022621</subfield><subfield code="w">(OCoLC)10509210</subfield></datafield></record>